<?xml version="1.0" encoding="UTF-8"?><collection xmlns="http://www.loc.gov/MARC21/slim"><record><leader>00553nam--2200181-i-4500</leader><controlfield tag="001">000034596</controlfield><controlfield tag="002">20161230</controlfield><controlfield tag="005">20161230201040</controlfield><controlfield tag="008">060222s1000------------r-----000-0-eng-d</controlfield><datafield ind1=" " ind2=" " tag="040"><subfield code="a">IFIN-HH</subfield></datafield><datafield ind1="1" ind2=" " tag="100"><subfield code="a">Boskoff, Wladimir-Georges</subfield></datafield><datafield ind1="1" ind2="0" tag="245"><subfield code="a">Discovering Geometry: An Axiomatic Approach</subfield><subfield code="c">Wladimir-Georges Boskoff, Adrian Vajiac</subfield></datafield><datafield ind1=" " ind2=" " tag="260"><subfield code="a">Bucuresti</subfield><subfield code="b">Matrix Rom</subfield><subfield code="c">2011</subfield></datafield><datafield ind1=" " ind2=" " tag="300"><subfield code="a">xii+134p</subfield></datafield><datafield ind1=" " ind2=" " tag="490"><subfield code="a">Biblioteca Societatii de Stiinte Matematice din Romania</subfield></datafield><datafield ind1="1" ind2=" " tag="700"><subfield code="a">Vajiac, Adrian</subfield></datafield><datafield ind1=" " ind2=" " tag="852"><subfield code="a">82430</subfield><subfield code="c">513</subfield></datafield><datafield ind1=" " ind2=" " tag="CAT"><subfield code="a">Sys</subfield><subfield code="c">20160216</subfield><subfield code="h">094610</subfield></datafield></record></collection>